<record><leader>00000cas a22000007a 4500</leader><controlfield tag="001">20613810</controlfield><controlfield tag="008">891108c19569999moudr ne      0   a0eng d</controlfield><datafield ind1=" " ind2=" " tag="010"><subfield code="a">sn 89067136 </subfield></datafield><datafield ind1=" " ind2=" " tag="040"><subfield code="a">MQN</subfield><subfield code="b">eng</subfield><subfield code="c">MQN</subfield><subfield code="d">NSD</subfield><subfield code="d">MQN</subfield><subfield code="d">OCLCQ</subfield></datafield><datafield ind1=" " ind2=" " tag="012"><subfield code="m">1</subfield></datafield><datafield ind1="1" ind2=" " tag="022"><subfield code="a">1047-7160</subfield><subfield code="l">1047-7160</subfield><subfield code="2">1</subfield></datafield><datafield ind1=" " ind2=" " tag="032"><subfield code="a">565400</subfield><subfield code="b">USPS</subfield></datafield><datafield ind1=" " ind2=" " tag="037"><subfield code="b">Daily Dunklin Democrat, P.O. Box 669, Kennett, MO 63857</subfield></datafield><datafield ind1=" " ind2=" " tag="042"><subfield code="a">msc</subfield><subfield code="a">nsdp</subfield></datafield><datafield ind1=" " ind2="4" tag="222"><subfield code="a">The Daily Dunklin democrat</subfield></datafield><datafield ind1="0" ind2="4" tag="245"><subfield code="a">The Daily Dunklin democrat.</subfield></datafield><datafield ind1=" " ind2=" " tag="260"><subfield code="a">Kennett, Mo. :</subfield><subfield code="b">Jack Stapleton, Jr.</subfield></datafield><datafield ind1=" " ind2=" " tag="300"><subfield code="a">v.</subfield></datafield><datafield ind1=" " ind2=" " tag="310"><subfield code="a">Daily (except Sat., Mon. &amp; holidays),</subfield><subfield code="b">&lt;Nov. 2, 1989-&gt;</subfield></datafield><datafield ind1=" " ind2=" " tag="321"><subfield code="a">Daily (except Mon. &amp; Sat.),</subfield><subfield code="b">1956-</subfield></datafield><datafield ind1="0" ind2=" " tag="362"><subfield code="a">Vol. 69, no. 12a (Apr. 2, 1956)-</subfield></datafield><datafield ind1=" " ind2=" " tag="588"><subfield code="a">Latest issue consulted: Vol. 102, issue 194 (Nov. 2, 1989).</subfield></datafield><datafield ind1=" " ind2=" " tag="752"><subfield code="a">United States</subfield><subfield code="b">Missouri</subfield><subfield code="c">Dunklin</subfield><subfield code="d">Kennett.</subfield></datafield><datafield ind1="0" ind2=" " tag="775"><subfield code="t">Missouri weekly</subfield><subfield code="w">(DLC)sn 89067137</subfield></datafield><datafield ind1="0" ind2="0" tag="780"><subfield code="t">Twice-a-week Dunklin democrat</subfield><subfield code="w">(DLC)sn 89067135</subfield></datafield></record>